<record><leader>00000cas a22000007a 4500</leader><controlfield tag="001">20277582</controlfield><controlfield tag="008">890829d18811929couwr ne      0    0eng d</controlfield><datafield ind1=" " ind2=" " tag="010"><subfield code="a">sn 89052255 </subfield></datafield><datafield ind1=" " ind2=" " tag="040"><subfield code="a">CNQ</subfield><subfield code="b">eng</subfield><subfield code="c">CNQ</subfield><subfield code="d">OCLCQ</subfield></datafield><datafield ind1=" " ind2=" " tag="042"><subfield code="a">msc</subfield></datafield><datafield ind1="0" ind2="4" tag="245"><subfield code="a">The San Miguel examiner.</subfield></datafield><datafield ind1=" " ind2=" " tag="260"><subfield code="a">Telluride, San Miguel County, Colo. :</subfield><subfield code="b">Telluride Republican Pub. Co.</subfield></datafield><datafield ind1=" " ind2=" " tag="300"><subfield code="a">v.</subfield></datafield><datafield ind1=" " ind2=" " tag="310"><subfield code="a">Weekly</subfield></datafield><datafield ind1="1" ind2=" " tag="362"><subfield code="a">Began July 16, 1881? Ceased in 1929?</subfield></datafield><datafield ind1=" " ind2=" " tag="530"><subfield code="a">Available on microfilm from the Colorado Historical Society.</subfield></datafield><datafield ind1=" " ind2=" " tag="588"><subfield code="a">Description based on: Vol. 12, no. 8 (Sept. 4, 1897).</subfield></datafield><datafield ind1=" " ind2=" " tag="752"><subfield code="a">United States</subfield><subfield code="b">Colorado</subfield><subfield code="c">San Miguel</subfield><subfield code="d">Telluride.</subfield></datafield><datafield ind1="0" ind2="7" tag="785"><subfield code="t">Telluride daily journal</subfield><subfield code="w">(DLC)sn 89052254</subfield></datafield><datafield ind1="0" ind2="7" tag="785"><subfield code="t">Telluride journal (Telluride, Colo. : 1929)</subfield><subfield code="w">(DLC)sn 89052256</subfield></datafield></record>